@string{ACTS            = "Advanced Communications Technologies and Services (ACTS) Mobile Communication Summit"}
@string{ACTS_1996       = "Proc.\ 1st~" # ACTS}
@string{ASPLOS          = "ACM International Conference on Architectural Support for Programming Languages and Operating Systems (ASPLOS)"}
@string{ASPLOS_1996     = "Proc.\ 7th ASPLOS"}
@string{ASPLOS_2000     = "Proc.\ 9th ASPLOS"}
@string{BCR             = "Business Communications Review"}
@string{CACM            = "Communications of the ACM"}
@string{COMPUTER        = "IEEE Computer"}
@string{COMPUTER_NET    = "Computer Networks"}
@string{CCR             = "ACM SIGCOMM Computer Communication Review"}
@string{DANCE           = "Proc.\ DARPA Active Networks Conference and Exposition"}
@string{DANCE_2002      = DANCE # "\ (DANCE 2002)"}
@string{EWSCDA_1998     = "Proc.\ 8th ACM SIGOPS European Workshop on Support for Composing Distributed Applications"}
@string{HOTI            = "A symposium on high performance interconnects"}
@string{HOTI_1999       = "Hot Interconnects 7:\ " # HOTI}
@string{HOTNETS_2002    = "Proc.\ HotNets--I"}
@string{HOTNETS_2003    = "Proc.\ HotNets--II"}
@string{HOTOS           = "Workshop on Hot Topics in Operating Systems"}
@string{HOTOS_1999      = "Proc.\ 7th~" # HOTOS # " (HotOS--VII)"}
@string{HOTOS_2001      = "Proc.\ 8th~" # HOTOS # " (HotOS--VIII)"}
@string{ICC             = "Proc.\ IEEE International Conference on Communications"}
@string{ICC_2002        = ICC # "\ (ICC 2002)"}
@string{ICFP            = "SIGPLAN International Conference on Functional Programming Languages"}
@string{ICFP_1998       = "Proc.\ 3rd ACM\ " # ICFP}
@string{ICDCS           = "International Conference on Distributed Computing Systems (ICDCS)"}
@string{ICDCS_1988      = "Proc.\ 8th ICDCS"}
@string{ICDCS_2000      = "Proc.\ 20th ICDCS"}
@string{ICNP            = "IEEE International Conference on Networking Protocols"} 
@string{ICNP_2003       = "Proc.\ 11th ICNP"}
@string{ICS             = "ACM International Conference on Supercomputing"}
@string{ICS_1990        = "Proc.\ 4th~" # ICS}
@string{ICMCS_1994      = "Int.\ Conf.\ Multimedia Computing \& Systems"}
@string(IJPDSN          = "International Journal of Parallel and Distributed Systems and Networks")
@string{INFOCOM_2000    = "Proc.\ INFOCOM 2000"}
@string{INFOCOM_2002    = "Proc.\ INFOCOM 2002"}
@string{INFOCOM_2004    = "Proc.\ INFOCOM 2004"}
@string{INFOCOM_2010    = "Proc.\ INFOCOM 2010"}
@string{IPTPS_2002      = "Proc.\ 1st Int.\ Workshop on Peer-to-Peer Systems (IPTPS'02)"}
@string{ISCA            = "Annual ACM/IEEE International Symposium on Computer Architecture (ISCA)"}
@string{ISCA_1998       = "Proc.\ 25th~" # ISCA}
@string{JSAC            = "IEEE J.\ Sel.\ Areas Comm."}
@string{LISA            = "Systems Administration Conference"}
@string{LISA_1997       = "Proc.\ 11th~" # LISA # "\ (LISA '97)"}
@string{LISA_2007       = "Proc.\ 21st~" # LISA # "\ (LISA '07)"}
@string{MICRO           = "IEEE Micro"}
@string{MIDDLEWARE      = "IFIP/ACM International Conference on Distributed Systems Platforms"}
@string{MIDDLEWARE_2001 = "Proc.\ 18th Middleware"}
@string{MUG             = "Myrinet User Group Conference"}
@string{MUG_2000        = "Proc.\ First~" # MUG # "\ (MUG 2000)"}
@string{NOSSDAV         = "Network and Operating System Support for Digital Audio and Video (NOSSDAV)"}
@string{NOSSDAV_1997    = "Proc.\ 7th International Workshop on\ " # NOSSDAV}
@string{NOSSDAV_1998    = "Proc.\ 8th International Workshop on\ " # NOSSDAV}
@string{OLS             = "Ottawa Linux Symposium"}
@string{OLS_2003        = "Proc.\ OLS 2003"}
@string{OPENARCH        = "International Conference on Open Architectures and Network Programming (OPENARCH)"}
@string{OPENARCH_2001   = "Proc.\ 4th~" # OPENARCH}
@string{OPENARCH_2002   = "Proc.\ 5th~" # OPENARCH}
@string{OSDI            = "Operating System Design and Implementation (OSDI)"}
@string{OSDI_1994       = "Proc.\ 1st OSDI"}
@string{OSDI_1996       = "Proc.\ 2nd OSDI"}
@string{OSDI_1999       = "Proc.\ 3rd OSDI"}
@string{OSDI_2002       = "Proc.\ 5th OSDI"}
@string{OSDI_2006       = "Proc.\ 7th OSDI"}
@string{NSDI_2004       = "Proc.\ 1st NSDI"}
@string{NSDI_2005       = "Proc.\ 2nd NSDI"}
@string{NSDI_2006       = "Proc.\ 3rd NSDI"}
@string{NSDI_2009       = "Proc.\ 6th NSDI"}
@string{OSR             = "Operating Systems Review"}
@string{PERVASIVE       = "International Conference on Pervasive Computing"}
@string{PERVASIVE_2002  = "Proc.\ Pervasive 2002"}
@string{NETWORKING      = "International IFIP--TC6 Networking Conference"}
@string{NETWORKING_2002 = "Proc.\ 2nd~" # NETWORKING # "\ (NETWORKING 2002)"}
@string{SANE_2000       = "Proc.\ 2nd Int.\ SANE Conf."}
@string{RFC             = "Internet Req.\ for Cmts."}
@string{SIGCOMM_1988    = "Proc.\ SIGCOMM '88"}
@string{SIGCOMM_1992    = "Proc.\ SIGCOMM '92"}
@string{SIGCOMM_1994    = "Proc.\ SIGCOMM '94"}
@string{SIGCOMM_1996    = "Proc.\ SIGCOMM '96"}
@string{SIGCOMM_1997    = "Proc.\ SIGCOMM '97"}
@string{SIGCOMM_1998    = "Proc.\ SIGCOMM '98"}
@string{SIGCOMM_1999    = "Proc.\ SIGCOMM '99"}
@string{SIGCOMM_2001    = "Proc.\ SIGCOMM 2001"}
@string{SIGMETRICS      = "Proc.\ SIGMETRICS\ "}
@string{SIGMETRICS_2000 = SIGMETRICS # "2000"}
@string{SIGMETRICS_2001 = SIGMETRICS # "2001"}
@string{SIGPLAN_NOTICES = "ACM SIGPLAN Notices"}
@string{SOSP            = "Symposium on Operating Systems Principles (SOSP)"}
@string{SOSP_1995       = "Proc.\ 15th SOSP"}
@string{SOSP_1999       = "Proc.\ 17th SOSP"}
@string{SOSP_2001       = "Proc.\ 18th SOSP"}
@string{SOSP_2003       = "Proc.\ 19th SOSP"}
@string{TOCS            = "ACM Transactions on Computer Systems"}
@string{TON             = "IEEE/ACM Transactions on Networking"}
@string{USENIX          = "USENIX Annual Technical Conference"}
@string{USENIX_SEC      = "USENIX Security Symposium"}
@string{USENIX_2005     = "Proc.\ USENIX '05"}
@string{USENIX_2004     = "Proc.\ USENIX '04"}
@string{USENIX_2002     = "Proc.\ USENIX '02"}
@string{USENIX_1996     = "Proc.\ USENIX '96"}
@string{USENIX_WTC_1988 = "Proc.\ USENIX Winter Technical Conference '88"}
@string{USS_1999        = "Proc.\ 8th " # USENIX_SEC}
@string{USS_2002        = "Proc.\ 11th " # USENIX_SEC}
@string{USS_2003        = "Proc.\ 12th " # USENIX_SEC}
@string{USITS           = "USENIX Symposium on Internet Technologies"}
@string{USITS_2003      = "Proc.\ 4th USITS"}
@string{WISP            = "Workshop on Internet Server Performance"}
@string{WISP_1998       =" Proc.\ " # WISP # " 1998"}
@string{WORLDS_2004     ="Proc. of the 1st Workshop on Real, Large Distributed Systems"}
@string{WSS             = "USENIX Windows Sys.\ Symp."}
@string{WSS_2000        = "Proc.\ 4th~" # WSS}
@string{WWOS            = "Workshop on Workstation Operating Systems"}
@string{WWOS_1992       = "Proc.\ 3rd " # WWOS}

@string{ALASKA          = "AK"}
@string{ARIZONA         = "AZ"}
@string{CALIFORNIA      = "CA"}
@string{COLORADO        = "CO"}
@string{GEORGIA         = "GA"}
@string{LOUISIANA       = "LA"}
@string{MARYLAND        = "MD"}
@string{MASSACHUSETTS   = "MA"}
@string{MISSOURI        = "MO"}
@string{NEW_JERSEY      = "NJ"}
@string{NEW_MEXICO      = "NM"}
@string{NEW_YORK        = "NY"}
@string{OREGON          = "OR"}
@string{PENNSYLVANIA    = "PA"}
@string{SOUTH_CAROLINA  = "SC"}
@string{TEXAS           = "TX"}
@string{WASHINGTON      = "WA"}
@string{WISCONSIN       = "WI"}

@string{BOSTON               = "Boston,\ " # MASSACHUSETTS}
@string{DALLAS               = "Dallas,\ " # TEXAS}
@string{SAN_FRANCISCO        = "San Francisco,\ " # CALIFORNIA}
@string{WASHINGTON_DC        = "Washington,\ DC"}

@string{ACTS_1996_ADDR       = "Granada, Spain"}
@string{ASPLOS_1996_ADDR     = "Cambridge,\ " # MASSACHUSETTS}
@string{ASPLOS_2000_ADDR     = "Cambridge,\ " # MASSACHUSETTS}
@string{DANCE_2002_ADDR      = SAN_FRANCISCO}
@string{EWSCDA_1998_ADDR     = "Sintra, Portugal"}
@string{HOTI_1999_ADDR       = "Stanford,\ " # CALIFORNIA}
@string{HOTNETS_2002_ADDR    = "Princeton,\ " # NEW_JERSEY}
@string{HOTNETS_2003_ADDR    = "Cambridge,\ " # MASSACHUSETTS}
@string{HOTOS_1999_ADDR      = "Rio Rico,\ " # ARIZONA}
@string{HOTOS_2001_ADDR      = "Oberbayern, Germany"}
@string{ICFP_1998_ADDR       = "Baltimore,\ " # MARYLAND}
@string{ICDCS_1988_ADDR      = "San Jose,\ " # CALIFORNIA}
@string{ICDCS_2000_ADDR      = "Taipei, Taiwan"}
@string{ICC_2002_ADDR        = "New York City"}
@string{ICMCS_1994_ADDR      = "Boston,\ " # MASSACHUSETTS}
@string{ICNP_2003_ADDR       = "Atlanta,\ " # GEORGIA}
@string{ICS_2002_ADDR        = "New York City"}
@string{ICS_1988_ADDR        = "Saint Malo, France"}
@string{ICS_1989_ADDR        = "Crete, Greece"}
@string{ICS_1990_ADDR        = "Amsterdam, The Netherlands"}
@string{ICS_1991_ADDR        = "Cologne, West Germany"}
@string{ICS_1992_ADDR        = "Washington, DC"}
@string{ICS_1993_ADDR        = "Tokyo, Japan"}
@string{ICS_1994_ADDR        = "Manchester, England"}
@string{ICS_1995_ADDR        = "Barcelona, Spain"}
@string{ICS_1996_ADDR        = "Philadelphia,\ " # PENNSYLVANIA}
@string{ICS_1997_ADDR        = "Vienna, Austria"}
@string{ICS_1998_ADDR        = "Melbourne, Australia"}
@string{ICS_1999_ADDR        = "Rhodes, Greece"}
@string{ICS_2000_ADDR        = "Santa Fe,\ " # NEW_MEXICO}
@string{ICS_2001_ADDR        = "Sorrento, Italy"}
@string{INFOCOM_2000_ADDR    = "Tel-Aviv, Israel"}
@string{INFOCOM_2002_ADDR    = "New York City"}
@string{INFOCOM_2004_ADDR    = "Hong Kong"}
@string{INFOCOM_2010_ADDR    = "San Diego"}
@string{IPTPS_2002_ADDR      = "Cambridge,\ " # MASSACHUSETTS}
@string{IBM_THOMAS_J_WATSON = "Yorktown\ Heights, " # NEW_YORK}
@string{ISCA_1998_ADDR       = "Barcelona, Spain"}
@string{LISA_1997_ADDR       = "San Diego,\ " # CALIFORNIA}
@string{LISA_2007_ADDR       = "Dallas,\ " # TEXAS}
@string{MIDDLEWARE_2001_ADDR = "Heidelberg, Germany"}
@string{MUG_2000_ADDR        = "Lyon, France"}
@string{NETWORKING_2002_ADDR = "Pisa, Italy"}
@string{NOSSDAV_1997_ADDR    = "St.~Louis,\ " # MISSOURI}
@string{NOSSDAV_1998_ADDR    = "Cambridge, UK"}
@string{OLS_ADDR             = "Ottawa, Ontario, Canada"}
@string{OPENARCH_2001_ADDR   = "Anchorage,\ " # ALASKA}
@string{OPENARCH_2002_ADDR   = "New York City"}
@string{OSDI_1994_ADDR       = "Monterey,\ " # CALIFORNIA}
@string{OSDI_1996_ADDR       = "Seattle,\ " # WASHINGTON}
@string{OSDI_1999_ADDR       = "New Orleans,\ " # LOUISIANA}
@string{OSDI_2002_ADDR       = "Boston,\ " # MASSACHUSETTS}
@string{OSDI_2006_ADDR       = "Seattle,\ " # WASHINGTON}
@string{OREILLY_ADDR         = "Sebastopol,\ " # CALIFORNIA}
@string{NSDI_2004_ADDR       = "San Francisco,\ " # CALIFORNIA}
@string{NSDI_2005_ADDR       = "Boston,\ " # MASSACHUSETTS}
@string{NSDI_2006_ADDR       = "San Jose,\ " # CALIFORNIA}
@string{NSDI_2009_ADDR       = "Boston,\ " # MASSACHUSETTS}
@string{PERVASIVE_2002_ADDR  = "Zurich, Switzerland"}
@string{SANE_2000_ADDR       = "Maastricht, The Netherlands"}
@string{SIGCOMM_1988_ADDR    = "Stanford,\ " # CALIFORNIA}
@string{SIGCOMM_1992_ADDR    = "Baltimore,\ " # MARYLAND}
@string{SIGCOMM_1994_ADDR    = "London"}
@string{SIGCOMM_1996_ADDR    = "Stanford,\ " # CALIFORNIA}
@string{SIGCOMM_1997_ADDR    = "Cannes, France"}
@string{SIGCOMM_1998_ADDR    = "Vancouver, British Columbia, Canada"}
@string{SIGCOMM_1999_ADDR    = "Cambridge,\ " # MASSACHUSETTS}
@string{SIGCOMM_2001_ADDR    = "San Diego,\ " # CALIFORNIA}
@string{SIGMETRICS_2000_ADDR = "Santa Clara,\ " # CALIFORNIA}
@string{SIGMETRICS_2001_ADDR = "Cambridge,\ " # MASSACHUSETTS}
@string{SOSP_1995_ADDR       = "Copper Mountain Resort,\ " # COLORADO}
@string{SOSP_1999_ADDR       = "Kiawah Island Resort,\ " # SOUTH_CAROLINA}
@string{SOSP_2001_ADDR       = "Banff, Alberta, Canada"}
@string{SOSP_2003_ADDR       = "Lake George,\ " # NEW_YORK}
@string{USENIX_2005_ADDR     = "Anaheim,\ " # CALIFORNIA}
@string{USENIX_2004_ADDR     = "Boston,\ " # MASSACHUSETTS}
@string{USENIX_WTC_1988_ADDR = "Dallas,\ " # TEXAS}
@string{USITS_2003_ADDR      = "Seattle,\ " # WASHINGTON}
@string{WISP_1998_ADDR       = "Madison,\ " # WISCONSIN}
@string{WSS_2000_ADDR        = "Seattle,\ " # WASHINGTON}

@string{JANUARY    = "Jan"}
@string{FEBRUARY   = "Feb"}
@string{MARCH      = "Mar"}
@string{APRIL      = "Apr"}
@string{MAY        = "May"}
@string{JUNE       = "Jun"}
@string{JULY       = "Jul"}
@string{AUGUST     = "Aug"}
@string{SEPTEMBER  = "Sep"}
@string{OCTOBER    = "Oct"}
@string{NOVEMBER   = "Nov"}
@string{DECEMBER   = "Dec"}

@Misc{Akamai,
	key	= "Akamai",
	title   = "{Akamai}",
        note    = "\url{http://www.akamai.com/}"
}

@Misc{VICCI,
	key	= "VICCI",
	title   = "{VICCI: VIrtual Cloud Computing Infrastructure}",
        note    = "\url{http://www.vicci.org/}"
}

@Misc{Silverlight,
	key	= "Silverlight",
	title   = "{Microsoft Silverlight}",
        note    = "\url{http://www.microsoft/silverlight/}"
}

@Misc{Request-Router,
	key	= "Request-Router",
	title   = "{Verivue Request Router}",
        note    = "\url{http://www.verivue.com/pdf/verivue-requestrouter.pdf}"
}

@Misc{Dropbox,
	key	= "Dropbox",
	title   = "{Dropbox}",
        note    = "\url{http://www.dropbox.com/}"
}

@Misc{Box.net,
	key	= "Box.net",
	title   = "{Box.net}",
        note    = "\url{http://www.box.net/}"
}

@Misc{GenBank,
	key	= "GenBank",
	title   = "{GenBank}",
        note    = "\url{http://www.ncbi.nlm.nih.gov/genbank/}"
}
                  
@Misc{S3,
	key			 = "Amazon Simple Storage Service",
	title        = "{Overview of Amazon Web Services}",
   note         = "\url{https://d36cz9buwru1tt.cloudfront.net/AWS_Overview.pdf}",
}

@Misc{vcoblitz,
	key          = "Verivue Hypercache",
   title        = "{OneVantage Hypercache}",
   note         = "\url{http://www.verivue.com/pdf/verivue-hypercache.pdf}"
}

@manual{filebench,
   key          = "FileBench",
   title        = "{FileBench}",
   Organization = "{OpenSolaris}",
   edition      = "1.4.9.1",
   note         = "\url{http://downloads.sourceforge.net/project/filebench/filebench/filebench-1.4.9.1/filebench-1.4.9.1.tar.gz}",
    year        = "2011"
}

@Misc{fuse-tutorial,
   Title        = "Writing a FUSE Filesystem: a Tutorial",
	Author       = "Joseph J. Pfeiffer, Jr.",
	note         = "\url{http://www.cs.nmsu.edu/~pfeiffer/fuse-tutorial.tgz}"
}

@Manual{cloudfront,
   key         = "Amazon Cloudfront",
   Title       = "Amazon Cloudfront Getting Started Guide",
   Organization = "Amazon.com",
   edition     = "API Version 2010-2011",
   note        = "\url{http://awsdocs.s3.amazonaws.com/CF/20101101/cf_gsg_20101101.pdf}",
   year        = "2011"
}

@Misc{slashdot-effect,
   Title       = "The Slashdot Effect:  An Analysis of Three Internet Publications",
   Author      = "Stephen Adler",
   note        = "\url{http://hup.hu/old/stuff/slashdotted/SlashDotEffect.htm}"
}

@Misc{HTTP-RFC,
   Key         = "HTTP-RFC",
   Title       = "Hypertext Transfer Protocol -- HTTP 1.1",
   Organization = "W3C",
   note        = "\url{http://www.w3.org/Protocols/rfc2616/rfc2616.html}"
}

@Misc{SMTP-RFC,
   Key         = "SMTP-RFC",
   Title       = "Simple Mail Transfer Protocol",
   Organization = "IETF",
   note        = "\url{http://www.ietf.org/rfc/rfc2821.txt}"
}

@Misc{WebDAV,
   Key		= "WebDAV",
   Title	= "HTTP Extensions for Distributed Authoring -- WEBDAV",
   Organization = "IETF",
   note 	= "\url{http://www.ietf.org/rfc/rfc2518.txt}",
}

@Misc{CalDAV,
   Key		= "CalDAV",
   Title	= "Calendaring Extensions to WebDAV (CalDAV)",
   Organization = "IETF",
   note 	= "\url{http://www.ietf.org/rfc/rfc4791.txt}",
}


@Misc{HLS,
   Key         = "HLS",
   Title       = "{HTTP Live Streaming}",
   Organization = "Apple",
   note        = "\url{http://tools.ietf.org/html/draft-pantos-http-live-streaming-08}",
   month       = mar,
   year        = 2012
}

@Misc{FUSE,
   key         = "Filesystems in Userspace",
   Organization = "Linux Foundation",
   note         = "\url{http://fuse.sourceforge.net}",
}

@Misc{libmicrohttpd,
   key         = "GNU libmicrohttpd",
   Organization = "Free Software Foundation",
   Author      = "Christian Grothoff",
   note        = "\url{https://www.gnu.org/software/libmicrohttpd/}"
}

@Misc{cURL,
   key        = "cURL",
   Organization = "haxx.se", 
   Author    = "Daniel Stenberg",
   note       = "\url{http://curl.haxx.se/libcurl/}",
}

@Misc{Apache,
   key        = "Apache",
   Organization = "Apache Software Foundation",
   note      = "\url{https://wiki.apache.org/httpd/Htaccess}",
   Author    = "Robert McCool"
}

@Misc{IIS,
   key        = "IIS",
   Organization = "Microsoft, Inc.",
   note      = "\url{http://www.iis.net}",
}

@Misc{httpress,
   key         = "httpress",
   Organization = "Lighttpd",
   note         = "\url{https://bitbucket.org/yarosla/httpress/wiki/Home}",
   Author     = "Yaroslav Stavnichiy",
}

@Misc{libev,
   key 		= "libev",
   note		= "\url{http://software.schmorp.de/pkg/libev.html}",
   Author       = "Marc Lehmann and Emanuele Giaquinta",
}

@Misc{webfs,
   key = "WebFS: A Global Cache Coherent File System",
   Organization = "University of California at Berkeley",
   Author = "Amin M. Vahdat and Paul C. Eastham and Thomas E. Anderson",
   note = "\url{http://www.cs.duke.edu/~vahdat/webfs/webfs.html}",
}

@Misc{squid,
   key = "Squid Web Proxy",
   title = "Squid Web Proxy",
   note = "\url{http://www.squid-cache.org/}"
}

@Misc{GeoIP,
   key = "GeoIP",
   Organization = "MaxMind",
   note = "\url{http://www.maxmind.com/app/c}"
}

@techreport{cern-vm-fs,
   key = "CERN",
   Author          = "{Jakob Blomer and Predrag Buncic}",
    title           = "{The CERN VM File System}",
    Institution     = "CERN",
    Month           = JUNE,
    Year            = 2011,
    type            = "Technical Report"
}

@techreport{GlusterFS,
    key = "GlusterFS",
    title           = "Gluster File System Architecture",
    Institution     = "Gluster, Inc.",
    Year            = 2010,
    type            = "White Paper"
}

@InProceedings{PlanetLab,
   Author       = "Larry Peterson and Andy Bavier and Marc Fiuczynski and
                   Steve Muir",
   Title        = "{Experiences Building PlanetLab}",
   Booktitle    = "Proc.\ 7th Operating System Design and Implementation 
                   (OSDI)",
   Address      = "Seattle, Washington",
   Month        = nov,
   Year         = 2006
}

@InProceedings{Collective,
   Author       = "R. Chandra and N. Zeldovich and C. Sapuntzakis and M. Lam",
   Title        = "The collective: a cache-based system management architecture",
   Booktitle    = "Proc.\ 2nd Conference on Symposium on Networked Systems 
                   Design and Implementation (NSDI)",
   Address      = "Boston, MA",
   Month        = may,
   Year         = 2005
}
                  
@InProceedings{codeen,
   Author = "Limin Wang and Kyong Soo Park and Ruoming Pang and Vivek Pai and Larry Peterson",
   Title = "Reliability and security in the CoDeeN content distribution network",
   Booktitle = USENIX_2004,
   Address = USENIX_2004_ADDR,
   Year = 2004
}

@InProceedings{ceph,
   Author = "Sage A. Weil and Scott A. Brandt and Ethan L. Miller and Darrell D. E. Long and Carlos Maltzahn",
   Title = "Ceph: A Scalable, High-Performance Distributed File System",
   Booktitle = OSDI_2006,
   Address  = OSDI_2006_ADDR,
   Year = 2006
}


@InProceedings{coblitz,
   Author      = "Kyong Soo Park and Vivek Pai",
   Title       = "{Scale and Performance in the CoBlitz Large-File Distribution Service}",
   Booktitle   = NSDI_2006,
   Address     = NSDI_2006_ADDR,
   Year        = 2006
}

@InProceedings{coralcdn,
   Author     = "Michael J. Freedman",
   Title      = "{Experiences with CoralCDN: A Five-Year Operational View}",
   Booktitle  = NSDI_2005,
   Address    = NSDI_2005_ADDR,
   Year       = 2005
}

@InProceedings{shark,
   Author    = "Siddhartha Annapureddy and Michael J. Freedman and Daved Mazieres",
   Title     = "Shark: Scaling File Servers via Cooperative Caching",
   Booktitle = NSDI_2005,
   Address   = NSDI_2005_ADDR,
   Year      = 2005
}

@InProceedings{WheelFS,
   Author   = "Jeremy Stribling and Yair Sovran and Irene Zhang and Xavid Pretzer and Jinyang Li and M. Frans Kaashoek and Robert Morris",
   Title = "Flexible, Wide-Area Storage for Distributed Systems with WheelFS",
   Booktitle = NSDI_2009,
   Address = NSDI_2009_ADDR,
   Year = 2009
}

@InProceedings{AFS,
   Author  = "John H. Howard",
   Title = "An Overview of the Andrew File System",
   Booktitle = USENIX_WTC_1988,
   Address = USENIX_WTC_1988_ADDR,
   Year = 1988
}

@InProceedings{SFS,
   Author = "David Mazieres and Michael Kaminsky and M. Frans Kasshoek and Emmitt Witchel",
   Title = "Separating Key Management from File System Security",
   Booktitle = SOSP_1999,
   Address = SOSP_1999_ADDR,
   Year = 1999
}

@InProceedings{coral,
   Author = "Michael J. Freedman and E. Freudenthal and David Mazieres",
   Title = "Democratizing Content Publication with Coral",
   Booktitle = NSDI_2004,
   Address = NSDI_2004_ADDR,
   Year = 2004
}

@InProceedings{femtohaul,
   Author = "Ayaskant Rath and Sha Hua and Shivendra S. Panwar",
   Title = "FemtoHaul: Using Femtocells with Relays to Increase Macrocell Backhaul Bandwidth",
   Booktitle = INFOCOM_2010,
   Address = INFOCOM_2010_ADDR,
   Year = 2010
}

@Misc{im2k,
   Author = "Daniel J. Bernstein",
   key = "Internet Mail 2000",
   title = "Internet Mail 2000 Proposal",
   note = "\url{http://cr.yp.to/im2000.html}"
}

@Misc{stubmail,
   Author = "Men Wen Wong",
   key = "StubMail",
   title = "StubMail",
   note = "\url{http://mengwong.com/rssemail/rssemail-onepage-20050622.pdf}"
}

@Misc{htmp,
   Author = "Nathan Cheng",
   key = "HTMP",
   title = "Hypertext Mail Protocol",
   note = "\url{http://www.circleid.com/posts/hypertext_mail_protocol_aka_stub_emaill/}"
}

@InProceedings{PushVsPull,
   Author = {Duan, Zhenhai and Gopalan, Kartik and Dong, Yingfei},
   Title = {Push vs. Pull: Implications of Protocol Design on Controlling Unwanted Traffic},
   Booktitle = {Proceedings of the Steps to Reducing Unwanted Traffic on the Internet on Steps to Reducing Unwanted Traffic on the Internet Workshop},
   Year = 2005,
} 

@Article{dtmp,
   Author = {Duan, Zhenhai and Dong, Yingfei and Gopalan, Kartik},
   Title = {DMTP: Controlling Spam Through Message Delivery Differentiation},
   Journal = {Comput. Netw.},
   Volume = {51},
   Number = {10},
   Year = 2007
} 

@Misc{GMail,
   key = "GMail",
   title = "GMail",
   note = "\url{http://www.gmail.com}"
}

@Misc{AWS-S3,
   key = "Amazon S3",
   title = "Amazon Simple Storage Service",
   note = "\url{http://aws.amazon.com/s3/}"
}

@Misc{DRPBX,
   key = "Dropbox",
   title = "Dropbox Storage",
   note = "\url{http://www.dropbox.com/}"
}


@Misc{google-appengine,
   key   = "Google App Engine",
   title   = "{Google App Engine}",
        note    = "\url{https://developers.google.com/appengine/}"
}

@Misc{enigmail,
   key   = "Enigmail",
   title   = "{A simple interface for OpenPGP email security}",
        note    = "\url{https://www.enigmail.net/home/index.php}"
}

@Misc{mailpile,
   key   = "Mailpile",
   title   = "{Mailpile}",
        note    = "\url{https://www.mailpile.is/}"
}


@INPROCEEDINGS{id-based-cryptography,
    author = {Dan Boneh and Matthew Franklin},
    title = {Identity-based encryption from the Weil pairing},
    booktitle = {},
    year = {2001},
    pages = {213--229},
    publisher = {Springer-Verlag}
}

@inproceedings{garfinkel-email-survey,
 author = {Garfinkel, Simson L. and Margrave, David and Schiller, Jeffrey I. and Nordlander, Erik and Miller, Robert C.},
 title = {How to Make Secure Email Easier to Use},
 booktitle = {Proceedings of the SIGCHI Conference on Human Factors in Computing Systems},
 series = {CHI '05},
 year = {2005},
 isbn = {1-58113-998-5},
 location = {Portland, Oregon, USA},
 pages = {701--710},
 numpages = {10},
 url = {http://doi.acm.org/10.1145/1054972.1055069},
 doi = {10.1145/1054972.1055069},
 acmid = {1055069},
 publisher = {ACM},
 address = {New York, NY, USA},
 keywords = {e-commerce, user interaction design, user studies},
} 

@inproceedings{crypto-adoption-criteria,
 author = {Gaw, Shirley and Felten, Edward W. and Fernandez-Kelly, Patricia},
 title = {Secrecy, Flagging, and Paranoia: Adoption Criteria in Encrypted Email},
 booktitle = {Proceedings of the SIGCHI Conference on Human Factors in Computing Systems},
 series = {CHI '06},
 year = {2006},
 isbn = {1-59593-372-7},
 location = {Montr\&\#233;al, Qu\&\#233;bec, Canada},
 pages = {591--600},
 numpages = {10},
 url = {http://doi.acm.org/10.1145/1124772.1124862},
 doi = {10.1145/1124772.1124862},
 acmid = {1124862},
 publisher = {ACM},
 address = {New York, NY, USA},
 keywords = {activism, encrypted e-mail, extended case method, security},
} 


@inproceedings{epost,
 author = {Mislove, Alan and Post, Ansley and Reis, Charles and Willmann, Paul and Druschel, Peter and Wallach, Dan S. and Bonnaire, Xavier and Sens, Pierre and Busca, Jean-Michel and Arantes-Bezerra, Luciana},
 title = {POST: A Secure, Resilient, Cooperative Messaging System},
 booktitle = {Proceedings of the 9th Conference on Hot Topics in Operating Systems - Volume 9},
 series = {HOTOS'03},
 year = {2003},
 location = {Lihue, Hawaii},
 pages = {11--11},
 numpages = {1},
 url = {http://dl.acm.org/citation.cfm?id=1251054.1251065},
 acmid = {1251065},
 publisher = {USENIX Association},
 address = {Berkeley, CA, USA},
} 

@phdthesis{hci-sec,
  title={Design principles and patterns for computer systems that are simultaneously secure and usable},
  author={Garfinkel, Simson},
  year={2005},
  school={Massachusetts Institute of Technology}
}

@inproceedings{why-jonny-cant-encrypt,
 author = {Whitten, Alma and Tygar, J. D.},
 title = {Why Johnny Can'T Encrypt: A Usability Evaluation of PGP 5.0},
 booktitle = {Proceedings of the 8th Conference on USENIX Security Symposium - Volume 8},
 series = {SSYM'99},
 year = {1999},
 location = {Washington, D.C.},
 pages = {14--14},
 numpages = {1},
 url = {http://dl.acm.org/citation.cfm?id=1251421.1251435},
 acmid = {1251435},
 publisher = {USENIX Association},
 address = {Berkeley, CA, USA},
} 

@Manual{pgp7,
   key         = "PGP User's Guide",
   Title       = "PGP Freeware for Windows 95, Windows 98, Windows NT, Windows 2000 and Windows Millenium",
   Organization = "Network Associates, Inc.",
   edition     = "7.0.3",
   note        = "\url{ftp://ftp.pgpi.org/pub/pgp/7.0/docs/english/PGPWinUsersGuide.pdf}",
   year        = "2001"
}

@article{local-spam-filter-eval,
 author = {Cormack, Gordon V. and Lynam, Thomas R.},
 title = {Online Supervised Spam Filter Evaluation},
 journal = {ACM Trans. Inf. Syst.},
 issue_date = {July 2007},
 volume = {25},
 number = {3},
 month = jul,
 year = {2007},
 issn = {1046-8188},
 articleno = {11},
 url = {http://doi.acm.org/10.1145/1247715.1247717},
 doi = {10.1145/1247715.1247717},
 acmid = {1247717},
 publisher = {ACM},
 address = {New York, NY, USA},
 keywords = {Spam, email, text classification},
} 


@INPROCEEDINGS{escape, 
author={Balfanz, Dirk}, 
booktitle={Computer Security Applications Conference, 2003. Proceedings. 19th Annual}, 
title={Usable access control for the World Wide Web}, 
year={2003}, 
month={Dec}, 
pages={406-415}, 
keywords={Internet;authorisation;public key cryptography;Web server configuration;World Wide Web;access control mechanism;authorisation;content publishing;usable system;Access control;Application software;Certification;Portals;Power system protection;Public key;Publishing;Web and internet services;Web server;Web sites}, 
doi={10.1109/CSAC.2003.1254345},
}

@article{privacy-preserving-naive-bayes,
 author = {Vaidya, Jaideep and Kantarcio\u{g}lu, Murat and Clifton, Chris},
 title = {Privacy-preserving Na\&\#239;Ve Bayes Classification},
 journal = {The VLDB Journal},
 issue_date = {July      2008},
 volume = {17},
 number = {4},
 month = jul,
 year = {2008},
 issn = {1066-8888},
 pages = {879--898},
 numpages = {20},
 url = {http://dx.doi.org/10.1007/s00778-006-0041-y},
 doi = {10.1007/s00778-006-0041-y},
 acmid = {1380775},
 publisher = {Springer-Verlag New York, Inc.},
 address = {Secaucus, NJ, USA},
 keywords = {Data mining, Distributed computing, Na\"{\i}ve Bayes, Privacy, Security},
} 

@inproceedings{pnacl,
 author = {Ansel, Jason and Marchenko, Petr and Erlingsson, \'{U}lfar and Taylor, Elijah and Chen, Brad and Schuff, Derek L. and Sehr, David and Biffle, Cliff L. and Yee, Bennet},
 title = {Language-independent Sandboxing of Just-in-time Compilation and Self-modifying Code},
 booktitle = {Proceedings of the 32Nd ACM SIGPLAN Conference on Programming Language Design and Implementation},
 series = {PLDI '11},
 year = {2011},
 isbn = {978-1-4503-0663-8},
 location = {San Jose, California, USA},
 pages = {355--366},
 numpages = {12},
 url = {http://doi.acm.org/10.1145/1993498.1993540},
 doi = {10.1145/1993498.1993540},
 acmid = {1993540},
 publisher = {ACM},
 address = {New York, NY, USA},
 keywords = {just-in-time compilation, sandboxing, security, self-modifying code, software fault isolation},
} 


@techreport{syndicate,
   key = "Syndicate",
   Author          = "{Jude Nelson and Larry Peterson}",
    title           = "{Syndicate: Virtual Cloud Storage through Service Composition}",
    Institution     = "Princeton University",
    Year            = 2013,
    type            = "Tech Report",
   note             = "\url{http://www.cs.princeton.edu/~jcnelson/syndicate-whitepaper.pdf}"
}


@techreport{email-statistics-report,
   key = "Radicati",
   Author          = "{Masha Khmartseva}",
    title           = "{Email Statistics Report, 2009-2013}",
    Institution     = "The Raticati Group, Inc",
    Year            = 2013,
    type            = "Executive Summary"
}
